@string{MSCS = "Mathematical Structures in Computer Science"}
@string{LNCS = "LNCS"}
@string{entcs = "ENTCS"}
@string{FI = "Fundamenta Informaticae"}

@article{abs-2208-06295,
  author       = {Henrich Lauko and
                  Luk{\'{a}}s Korencik and
                  Peter Goodman},
  title        = {On the Optimization of Equivalent Concurrent Computations},
  journal      = {CoRR},
  volume       = {abs/2208.06295},
  year         = {2022}
}



@inproceedings{BaldanCHKS06,
author       = {Paolo Baldan and
                  Andrea Corradini and
                  Tobias Heindel and
                  Barbara K{\"{o}}nig and
                  Pawel Sobocinski},
  editor       = {Luca Aceto and
                  Anna Ing{\'{o}}lfsd{\'{o}}ttir},
  title        = {Processes for Adhesive Rewriting Systems},
  booktitle    = {FOSSACS 2006},
  series       = {LNCS},
  volume       = {3921},
  pages        = {202--216},
  publisher    = {Springer},
  year         = {2006}
}

@inproceedings{Ehrig78,
  author       = {Hartmut Ehrig},
  title        = {Introduction to the Algebraic Theory of Graph Grammars {(A} Survey)},
  booktitle    = {Graph-Grammars and Their Application to Computer Science and Biology},
  series       = {Lecture Notes in Computer Science},
  volume       = {73},
  pages        = {1--69},
  publisher    = {Springer},
  year         = {1978}
}

@article{OverbeekER23,
  author       = {Roy Overbeek and
                  J{\"{o}}rg Endrullis and
                  Alo{\"{\i}}s Rosset},
  title        = {Graph rewriting and relabeling with {PBPO}\({}^{\mbox{+}}\): {A} unifying
                  theory for quasitoposes},
  journal      = {Journal of Logical and Algebraic Methods in Programming},
  volume       = {133},
  pages        = {100873},
  year         = {2023}
}

@inproceedings{EhrigPS73,
  author       = {Hartmut Ehrig and
                  Michael Pfender and
                  Hans J{\"{u}}rgen Schneider},
  title        = {Graph-Grammars: An Algebraic Approach},
  booktitle    = {SWAT 1973},
  pages        = {167--180},
  publisher    = {{IEEE} Computer Society},
  year         = {1973}
}

@article{BehrHK23,
  author       = {Nicolas Behr and
                  Russ Harmer and
                  Jean Krivine},
  title        = {Fundamentals of compositional rewriting theory},
  journal      = {Journal of Logical and Algebraic Methods in Programming},
  volume       = {135},
  pages        = {100893},
  year         = {2023}
}

@inproceedings{BaldanGM06,
  author       = {Paolo Baldan and
                  Fabio Gadducci and
                  Ugo Montanari},
  editor       = {Christel Baier and
                  Holger Hermanns},
  title        = {Concurrent Rewriting for Graphs with Equivalences},
  booktitle    = {CONCUR 2006},
  series       = {LNCS},
  volume       = {4137},
  pages        = {279--294},
  publisher    = {Springer},
  year         = {2006}
}

@article{CastelnovoGM24,
  author       = {Davide Castelnovo and
                  Fabio Gadducci and
                  Marino Miculan},
  title        = {A simple criterion for $\mathcal{M}, \mathcal{N}$-adhesivity},
  journal      = {Theoretical Computer Science},
  volume       = {982},
  pages        = {114280},
  year         = {2024}
 }

@inproceedings{CorradiniHHK06,
  author       = {Andrea Corradini and
                  Tobias Heindel and
                  Frank Hermann and
                  Barbara K{\"{o}}nig},
  editor       = {Andrea Corradini and
                  Hartmut Ehrig and
                  Ugo Montanari and
                  Leila Ribeiro and
                  Grzegorz Rozenberg},
  title        = {Sesqui-Pushout Rewriting},
  booktitle    = {ICGT 2006},
  series       = LNCS,
  volume       = {4178},
  pages        = {30--45},
  publisher    = {Springer},
  year         = {2006}
}


@article{lowe1993algebraic,
	title={Algebraic approach to single-pushout graph transformation},
	author={L{\"o}we, Michael},
	journal={Theoretical Computer Science},
	volume={109},
	number={1-2},
	pages={181--224},
	year={1993},
	publisher={Elsevier}
}


@article{carboni1993introduction,
	title={Introduction to extensive and distributive categories},
	author={Carboni, Aurelio and Lack, Stephen and Walters, Robert FC},
	journal={Journal of Pure and Applied Algebra},
	volume={84},
	number={2},
	pages={145--158},
	year={1993},
	publisher={Elsevier}
}


@inproceedings{Mazurkiewicz86,
  author       = {Antoni W. Mazurkiewicz},
  editor       = {Wilfried Brauer and
                  Wolfgang Reisig and
                  Grzegorz Rozenberg},
  title        = {Trace Theory},
  booktitle    = {Advances in Petri Nets 1986},
  series       = LNCS,
  volume       = {255},
  pages        = {279--324},
  publisher    = {Springer},
  year         = {1986}
}

@book{lang2012algebra,
	title={Algebra},
	author={Lang, S.},
	series={Graduate Texts in Mathematics},
	volume={211},
	year={2012},
	publisher={Springer Science \& Business Media},
}

@incollection{ehrig2006weak,
author       = {Hartmut Ehrig and
                  Ulrike Prange},
  editor       = {Kokichi Futatsugi and
                  Jean{-}Pierre Jouannaud and
                  Jos{\'{e}} Meseguer},
  title        = {Weak Adhesive High-Level Replacement Categories and Systems: {A} Unifying
                  Framework for Graph and {P}etri Net Transformations},
booktitle    = {Algebra, Meaning, and Computation, Essays Dedicated to Joseph A. Goguen},
  series       = {LNCS},
  volume       = {4060},
  pages        = {235--251},
  publisher    = {Springer},
  year         = {2006}
  }


@article{ehrig2012,
	title={$\mathcal{M}$-Adhesive Transformation Systems with Nested Application Conditions. {P}art 2: Embedding, Critical Pairs and Local Confluence},
	author={Ehrig, H. and Golas, U. and Habel, A. and Lambers, L. and Orejas, F.},
	journal={Fundamenta Informaticae},
	volume={118},
	number={1-2},
	pages={35--63},
	year={2012},
	publisher={IOS Press}
}

@article{ehrig2014adhesive,
	title={$\mathcal{M}$-adhesive transformation systems with nested application conditions. {P}art 1: Parallelism, concurrency and amalgamation},
	author={Ehrig, H. and Golas, U. and Habel, A. and Lambers, L. and Orejas, F.},
	journal={Mathematical Structures in Computer Science},
	volume={24},
	number={4},
	pages={240406},
	year={2014},
	publisher={Cambridge University Press}
}



@book{adamek1994locally,
	title={Locally presentable and accessible categories},
	author={ Ad{\'a}mek, J. and Rosick{\'y}, J.},
	volume={189},
	year={1994},
	publisher={Cambridge University Press},
	series = {London Mathematical Society Lecture Note},
}


@inproceedings{baldan2011adhesivity,
  author       = {Paolo Baldan and
                  Fabio Gadducci and
                  Pawel Sobocinski},
  editor       = {Filip Murlak and
                  Piotr Sankowski},
  title        = {Adhesivity Is Not Enough: Local {C}hurch-{R}osser Revisited},
  booktitle    = {MFCS 2011},
  series       = {LNCS},
  volume       = {6907},
  pages        = {48--59},
  publisher    = {Springer},
  year         = {2011}
}

@incollection{mellies2005axiomatic,
	title={Axiomatic rewriting theory {I}: A diagrammatic standardization theorem},
	author={Melli{\`e}s, P.-A.},
	booktitle={Processes, Terms and Cycles: Steps on the Road to Infinity. Essays Dedicated to Jan Willem Klop on the Occasion of His 60th Birthday},
	pages={554--638},
	year={2005},
	series={Lecture Notes in Computer Science},
	volume={3838},
	editor={Middeldorp, A. and Oostrom,  V. and Raamsdonk, F. and Vrijer, R. },
	publisher={Springer Science \& Business Media}
}

@phdthesis{heindel2009category,
	title={A category theoretical approach to the concurrent semantics of rewriting},
	author={Heindel, T.},
	year={2009},
	school={Universit{\"a}t Duisburg--Essen}
}


 @phdthesis{castelnovo2023thesis,
 author={D. Castelnovo},
 title={Fuzzy  algebraic theories and $\mathcal{M}, \mathcal{N}$-adhesive categories},
 school={University of Udine},
 year={2023},
 }

@article{banaschewski1975subcategories,
	title={Subcategories defined by implications},
	author={Banaschewski, B. and Herrlich, H.},
	year={1976},
	journal={Houston Journal of Mathematics},
	volume={2},
	number={2},
	pages={149--171},
}

@article{crawley1959free,
	title={Free lattices with infinite operations},
	author={Crawley, P. and Dean, R. A.},
	journal={Transactions of the American Mathematical Society},
	volume={92},
	number={1},
	pages={35--47},
	year={1959},
	publisher={American Mathematical Society},
}


@book{gierz2012compendium,
	title={A Compendium of Continuous Lattices},
	author={Gierz, G. and Hofmann, K. H. and Keimel, K. and Lawson, J. D. and Mislove, M. and Scott, D. S.},
	year={1980},
	publisher={Springer Science \& Business Media}
}

@book{gierz2003continuous,
	title={Continuous Lattices and Domains},
	author={Gierz, G. and Hofmann, K. H. and Keimel, K. and Lawson, J. D. and Mislove, M. and Scott, D. S.},
	volume={93},
	year={2003},
	publisher={Cambridge University Press},
	series={ Encyclopedia of Mathematics and its Applications }
}

@incollection{scott1972continuous,
	title={Continuous lattices},
	author={Scott, D. S.},
	booktitle={Toposes, Algebraic Geometry and Logic},
	pages={97--136},
	year={1972},
	publisher={Springer Science \& Business Media},
	series={Lecture Notes in Mathematics},
	volume={274},
	editor={F. W. Lawvere},
}



@article{borger1991strong,
	title={Strong regular and dense generators},
	author={B{\"o}rger, R. and Tholen, W.},
	journal={Cahiers de Topologie et G{\'e}om{\'e}trie Diff{\'e}rentielle Categ{\'o}riques},
	volume={32},
	number={3},
	pages={257--276},
	year={1991}
}



@InProceedings{castelnovo2022fuzzy,
	author =	{Castelnovo, D. and Miculan, M.},
	title =	{Fuzzy Algebraic Theories},
	booktitle =	{30$^{th}$ Annual Conference on Computer Science Logic (CSL)},
	pages =	{13:1--13:17},
	series =	{Leibniz International Proceedings in Informatics},
	year =	{2022},
	volume =	{216},
	editor =	{Manea, F. and Simpson, A.},
	publisher =	{Schloss Dagstuhl -- Leibniz-Zentrum f{\"u}r Informatik},
}


@article{adamek2022quantitative,
	title={Quantitative Algebras and a Classification of Metric Monads},
	author={Ad{\'a}mek, J. and Dost{\'a}l, M. and Velebil, J.},
	journal={arXiv:2210.01565},
	year={2022},
	url = {https://arxiv.org/abs/2210.01565},
	publisher = {arXiv},	
}



@inproceedings{adamek2022varieties,
	title={Varieties of quantitative algebras and their monads},
	author={Adamek, J.},
	booktitle={Proceedings of the 37th Annual ACM/IEEE Symposium on Logic in Computer Science},
	pages={1--10},
	year={2022},
	publisher={Association for Computing Machinery},
}


@book{goubault2013non,
	title={Non-Hausdorff topology and domain theory},
	author={Goubault-Larrecq, J.},
	volume={22},
	year={2013},
	publisher={Cambridge University Press},
	series={New Mathematical Monographs},
}		


@incollection{abramsky1995domain,
	title={Domain theory},
	author={Abramsky, S. and Jung, A.},
	booktitle={Handbook of {L}ogic in {C}omputer {S}cience. Volume 3. Semantic Structures},
	pages={1--168},
	year={1995},
	publisher={Clarendon Press},
	editor={Abramsky, S. and Gabbay, D. M. and Maibaum, T. S. E. },
}
	

@article{kelly1993finite,
	title={Finite-Product-Preserving Functors, {K}an Extensions, and Strongly-Finitary 2-Monads},
	author={Kelly, G. M. and Lack, S.},
	journal={Applied Categorical Structures},
	volume={1},
	number={1},
	pages={85--94},
	year={1993},
	publisher={Springer Science \& Business Media}
}

@book{picado2011frames,
	title={Frames and Locales},
	author={Picado, J. and Pultr, A.},
	series={Frontiers in Mathematics},
	year={2011},
	publisher={Springer Science \& Business Media}
}



@book{makkai1989accessible,
	title={Accessible Categories: The Foundations of Categorical Model Theory},
	author={Makkai, M. and Par{\'e}, R.},
	volume={104},
	year={1989},
	publisher={American Mathematical Society},
	series={Contemporary Mathematics}
}

@article{dikranjan1987closure,
  title={Closure operators {I}},
  author={Dikranjan, D. and Giuli, E.},
  journal={Topology and its Applications},
  volume={27},
  number={2},
  pages={129--143},
  year={1987},
  publisher={Elsevier},
}

@book{dikranjan2013categorical,
	title={Categorical structure of closure operators},
	author={Dikranjan, D. and Tholen, W.},
	volume={346},
	year={2013},
	publisher={Springer Science \& Business Media},
	series={Mathematics and its Applications}
}

@article{dikranjan1991factorizations,
	title={Factorizations, injectivity and compactness in categories of modules},
	author={Dikranjan, D. and Giuli, E.},
	journal={Communications in Algebra},
	volume={19},
	number={1},
	pages={45--83},
	year={1991},
	publisher={Taylor \& Francis}
}






@article{adamek1980colimits,
	title={Are colimits of algebras simple to construct?},
	author={Ad{\'a}mek, J. and Koubek, V.},
	journal={Journal of Algebra},
	volume={66},
	number={1},
	pages={226--250},
	year={1980},
	publisher={Elsevier}
}

@book{barr2005toposes,
	title={Toposes, Triples and Theories},
	author={Barr, M. and Wells, C.},
	year={2005},
	 series={Reprints in Theory and Applications of Categories},
 	volume={12},
 	publisher={Mount Allison University},
}


@book{kelly2005basic,
	title={Basic Concepts of Enriched Category Theory},
	author={Kelly, G. M.},
	year={2005},
	series={Reprints in Theory and Applications of Categories},
	volume={10},
	publisher={Mount Allison University},
}

@book{adamek2009abstract,
	title={Abstract and Concrete Categories: the Joy of Cats},
	author={Ad{\'a}mek, J. and Herrlich, H. and Strecker, G. E.},
	series={Reprints in Theory and Applications of Categories},
	year={2006},
	volume={17},
	publisher={Mount Allison University},
	pages={1--507},
}




@article{adamek1977colimits,
	title={Colimits of algebras revisited},
	author={Ad{\'a}mek, J.},
	journal={Bulletin of the Australian Mathematical Society},
	volume={17},
	number={3},
	pages={433--450},
	year={1977},
	publisher={Cambridge University Press}
}

@inproceedings{linton1969coequalizers,
	title={Coequalizers in categories of algebras},
	author={Linton, F. E. J.},
	booktitle={Seminar on triples and categorical homology theory},
	pages={75--90},
	year={1969},
	publisher={Springer Science \& Business Media},
	series={Lecture Notes in Mathematics},
	volume={80},
	editor={Eckmann, B.},
}

@incollection{manes2003monads,
	title={Monads of sets},
	author={Manes, E. G.},
	booktitle={Handbook of Algebra},
	volume={3},
	pages={67--153},
	year={2003},
	publisher={Elsevier},
	editor={Hazewinkel, M. }
}


@book{sankappanavar1981course,
	title={A Course in Universal Algebra},
	author={Sankappanavar, H. P. and Burris, S.},
	publisher={Springer Science \& Business Media},
	series={Graduate Texts in Mathematics},
	volume={78},
	pages={56},
	year={1981},
}

@inproceedings{linton1969outline,
	title={An outline of functorial semantics},
	author={Linton, F. E. J.},
	booktitle={Seminar on triples and categorical homology theory},
	pages={7--52},
	year={1969},
	publisher={Springer Science \& Business Media},
	series={Lecture Notes in Mathematics},
	volume={80},
	editor={B. Eckmann},
}

@article{moggi91monads,
	author    = {E. Moggi},
	title     = {Notions of Computation and Monads},
	journal   = {Information and Computation},
	volume    = {93},
	number    = {1},
	pages     = {55--92},
	year      = {1991},
}

@book{mordeson2012fuzzy,
	title={Fuzzy semigroups},
	author={Mordeson, J. N. and Malik, D. S. and Kuroki, N.},
	volume={131},
	year={2012},
	publisher={Springer Science \& Business Media}
}


@book{johnstone2002sketches1,
	title={Sketches of an elephant: A topos theory compendium. Volume 1},
	author={Johnstone, P. T.},
	volume={43},
	year={2002},
	publisher={Clarendon Press},
	series={Oxford Logic Guides},
}

@book{johnstone2002sketches,
	title={Sketches of an elephant: A topos theory compendium. Volume 2},
	author={Johnstone, P. T.},
	volume={44},
	year={2002},
	publisher={Clarendon Press},
	series={Oxford Logic Guides},
}

@inproceedings{behr2021concurrency,
author       = {Nicolas Behr and
                  Russ Harmer and
                  Jean Krivine},
  editor       = {Fabio Gadducci and
                  Timo Kehrer},
  title        = {Concurrency Theorems for Non-linear Rewriting Theories},
  booktitle    = {ICGT 2021},
  series       = {LNCS},
  volume       = {12741},
  pages        = {3--21},
  publisher    = {Springer},
  year         = {2021}
}


@inproceedings{CastelnovoGM22,
	author    = {Castelnovo, D. and
	Gadducci, F. and
	Miculan, M.},
	editor    = {Bouyer, P. and
	Schr{\"{o}}der, L.},
	title     = {A new criterion for $\mathcal{M},\mathcal{N}$-adhesivity, with an application
	to hierarchical graphs},
	booktitle = {FOSSACS 2022},
	series    = {LNCS},
	volume    = {13242},
	pages     = {205--224},
	publisher = {Springer},
	year      = {2022}
}

@book{milner:bigraphs,
	author    = {Milner, R.},
	title     = {The Space and Motion of Communicating Agents},
	publisher = {Cambridge University Press},
	year      = 2009
}

@article{habel2009correctness,
	title={Correctness of high-level transformation systems relative to nested conditions},
	author={Habel, A. and Pennemann, K.-H.},
	journal={Mathematical Structures in Computer Science},
	volume={19},
	number={2},
	pages={245--296},
	year={2009},
	publisher={Cambridge University Press}
}

@Inproceedings{behr2021:rewriting,
	author    = {Behr, N.},
	year      = {2021},
	title     = {On Stochastic Rewriting and Combinatorics via Rule-Algebraic Methods},
	editor    = {Bahr, P.},
	booktitle = {Proceedings of the 11$^{th}$ International Workshop on
	Computing with Terms and Graphs},
	series    = {Electronic Proceedings in Theoretical Computer Science},
	volume    = {334},
	publisher = {Open Publishing Association},
	pages     = {11-28},
}

@article{sc:bigraphsharing,
	author    = { Sevegnani, M. and
	Calder, M.},
	title     = {Bigraphs with sharing},
	journal   = {Theoretical Computer Science},
	volume    = 577,
	pages     = {43--73},
	year      = 2015,
}




@article{pare_1990, 
	title={Simply Connected Limits}, 
	volume={42}, 
	number={4}, 
	journal={Canadian Journal of Mathematics}, 
	publisher={Cambridge University Press}, 
	author={Paré, R.}, 
	year={1990}, 
	pages={731–746}
}


@inproceedings{alvarez2022rewriting,
	title={Rewriting for Monoidal Closed Categories},
	author={Alvarez-Picallo, M. and Ghica, D. and Sprunger, D. and Zanasi, F.},
	booktitle={7$^{th}$ International Conference on Formal Structures for Computation and Deduction (FSCD)},
	year={2022},
	organization={Schloss Dagstuhl-Leibniz-Zentrum f{\"u}r Informatik}
}


@inproceedings{gm:directedbig,
	author    = {Grohmann, D. and
	Miculan, M.},
	editor    = {Fiore, M.},
	title     = {Directed Bigraphs},
	booktitle = {Proceedings of the 23$^{rd}$ Conference on the Mathematical Foundations of Programming Semantics (MFPS 2007)},
	series    = {Electronic Notes in Computer Science},
	volume    = {173},
	pages     = {121--137},
	publisher = {Elsevier},
	year  = {2007},
}

@inproceedings{DBLP:journals/eceasst/GrohmannM08,
	author    = {Grohmann, D. and
	Miculan, M.},
	title     = {Controlling resource access in Directed Bigraphs},
	volume    = {10},
	year      = {2008},
	publisher = {European Association of Software Science and Technology},	
	series={Electronic Communications of the EASST},
	booktitle={7$^th$ International Workshop on Graph Transformation and Visual Modeling Techniques (GT-VMT 2008) },
	editor={Ermel, C. and de Lara, J. and Heckel, R. }
}

@inproceedings{bgm:calco09,
	author    = {Bacci, G. and
	 Grohmann, D. and
 Miculan, M.},
	editor    = {Kurz, A. and
	Lenisa, M. and
	 Tarlecki, A},
	title     = {{DBtk}: {A} Toolkit for Directed Bigraphs},
	booktitle = {3$^{th}$ Conference on Algebra and Coalgebra in Computer Science (CALCO)},
	series    = {Lecture Notes in Computer Science},
	volume    = 5728,
	pages     = {413--422},
	publisher = {Springer Science \& Business Media},
	year      = 2009
}

@inproceedings{bmp:sac,
	author    = {Burco, F. and
 Miculan, M. and
	Peressotti, M.},
	editor    = {Hung, C.{-}C.  and  Cern{\'{y}}, T. and
	 Shin, D. and Bechini, A.},
	title     = {Towards a formal model for composable container systems},
	booktitle = { Proceedings of the 35$^{th}$ Annual ACM Symposium on Applied Computing (SAC)},
	pages     = {173--175},
	publisher = {Association for Computing Machinery},
	year      = 2020
}

@incollection{Plump-termgraph,
	author    = {Plump, D.},
	editor    = {Ehrig, H. and Engels, G. and Kreowski,  H.-J. and Rozenberg, G.},
	title     = {Term Graph Rewriting},
	booktitle = {Handbook of Graph Grammars and Computing by Graph Transformations,
	Vol. 2: Applications, Languages, and Tools},
	pages     = {3--61},
	publisher = {World Scientific},
	year      = {1999}
}

@incollection{CorradiniMREHL97,
	author    = {Corradini, A. and
	Montanari, U. and
	Rossi, F. and
	Ehrig, H. and
	Heckel, R. and
	L{\"{o}}we, M.},
	editor    = {Rozenberg, G.},
	title     = {Algebraic Approaches to Graph Transformation - {P}art {I}: {B}asic Concepts
	and Double Pushout Approach},
	booktitle = {Handbook of Graph Grammars and Computing by Graph Transformations.
	Volume 1: Foundations},
	pages     = {163--246},
	publisher = {World Scientific},
	year      = {1997}
}

@book{allouche2003automatic,
	title={Automatic sequences. Theory, Applications, Generalizations},
	author={Allouche, J.-P. and Shallit, J.},
	year={2003},
	publisher={Cambridge University Press}
}

@article{lack2011embedding,
	title={An embedding theorem for adhesive categories},
	author={Lack, S.},
	journal={Theory and Applications of Categories},
	volume={25},
	number={7},
	pages={180--188},
	year={2011},
	publisher={Mount Allison University},
}


@book{sakarovitch2009elements,
	title={Elements of automata theory},
	author={Sakarovitch, J.},
	year={2009},
	publisher={Cambridge University Press}
}


@book{berstel2010codes,
	title={Codes and automata},
	author={Berstel, J. and Perrin, D. and Reutenauer, C.},
	volume={129},
	year={2010},
	publisher={Cambridge University Press},
	series={Encyclopedia of Mathematics and its Applications},
}



@techreport{nyko2012,
	title = {A Framework of Hierarchical Graphs and its Application to the Semantics of {SRML}},
	author = {Mylonakis, N. and Orejas, F.},
	number = {LSI-12-1-R},
	year = {2012},
	institution = {Facultad de Inform\'atica, Universitat Polit\`ecnica da Catalunya},
	url = {https://upcommons.upc.edu/handle/2117/91279}
}

@inproceedings{Padberg17,
	author = { Padberg, J.},
	editor  = {De Lara, J.  and Plump, D.},
	title     = {Hierarchical Graph Transformation Revisited - {T}ransformations of Coalgebraic
	Graphs},
		booktitle = {10$^{th}$ International Conference on Graph Transformation (ICGT)},
	series    = {Lecture Notes in Computer Science},
	volume    = {10373},
	pages     = {20--35},
	publisher = {Springer Science \& Business Media},
	year      = {2017},
}

@book{mclarty1992elementary,
	title={Elementary categories, elementary toposes},
	author={McLarty, C.},
	year={1992},
	publisher={Clarendon Press},
	series= {Oxford Logic Guides},
	volume={21},
}

@article{voevodsky2010unstable,
	title={Unstable motivic homotopy categories in {N}isnevich and cdh-topologies},
	author={Voevodsky, V.},
	journal={Journal of Pure and applied Algebra},
	volume={214},
	number={8},
	pages={1399--1406},
	year={2010},
	publisher={Elsevier}
}


@article{garner2012axioms,
	title={On the axioms for adhesive and quasiadhesive categories},
	author={Garner, R. and Lack, S.},
	journal={Theory and Applications of Categories},
	volume={27},
	number={3},
	pages={27--46},
	year={2012},
	publisher={Mount Allison University},
}

@article{ehrig1991parallelism,
	title={Parallelism and concurrency in high-level replacement systems},
	author={Ehrig, H. and Habel, A. and Kreowski, H.-J. and Parisi-Presicce, F.},
	journal={Mathematical Structures in Computer Science},
	volume={1},
	number={3},
	pages={361--404},
	year={1991},
	publisher={Cambridge University Press}
}


@inproceedings{habel2012mathcal,
	author    = {Habel, A. and Plump, D.},
	editor    = {Ehrig, H. and Engels, G. and Kreowski, H.-J. and Rozenberg, G.},
	title     = {$\mathcal{M}, \mathcal{N}$-Adhesive Transformation Systems},
	booktitle = {ICGT 2012},
	series    = {LNCS},
	volume    = {7562},
	pages     = {218--233},
	publisher = {Springer},
	year      = {2012}
}

@inproceedings{peuser2016composition,
	title={Composition of {$\mathcal{M},\mathcal{N}$}-adhesive Categories with Application to Attribution of Graphs},
	booktitle = {6$^{th}$ International Workshop on
	Graph Computation Models (GCM)}, 
	editor = {Plump, D.},
	author={Peuser, C. and Habel, A. },
	series={Electronic Communications of the EASST},
	publisher = {European Association of Software Science and Technology},
	volume={73},
	year={2016}
}

@inproceedings{johnstone2007quasitoposes,
	author    = {Johnstone, P.T. and Lack, S. and	Soboci{\'n}ski, P.},
	editor    = {Mossakowski, T. and Montanari, U. and Haveraaen, M.},
	title     = {Quasitoposes, Quasiadhesive Categories and {A}rtin Glueing},
	booktitle = {CALCO 2007},
	series    = {LNCS},
	volume    = {4624},
	pages     = {312--326},
	publisher = {Springer},
	year      = {2007},
}

@book{leinster2004higher,
	title={Higher operads, higher categories},
	author={Leinster, T.},
	year={2004},
	publisher={Cambridge University Press},
	volume={298},
	series={ London Mathematical Society Lecture Note},
}


@book{ehrig2006fundamentals,
	title={Fundamentals of Algebraic Graph Transformation},
	author={Ehrig, H. and Ehrig, K. and Prange, U. and Taentzer, G.},
	publisher ={Springer},
	year={2006}
}

@inproceedings{ehrig2004adhesive,
	title={Adhesive high-level replacement categories and systems},
	author={Ehrig, H. and Habel, A. and Padberg, J. and Prange, U.},
	editor    = {Ehrig, H. and Engels, G. and Parisi{-}Presicce, F. and Rozenberg, G},
	booktitle={ICGT 2004},
	pages={144--160},
	year={2004},
	series    = {LNCS},
	publisher={Springe}
}


@article{sobocinski2020rule,
	title={Rule Algebras for Adhesive Categories},
	author={Soboci{\'n}ski, P. and Behr, N.},
	journal={Logical Methods in Computer Science},
	volume={16},
	pages={2:1--2:38},
	number={3},
	year={2020},
	publisher={Episciences.org},
}

@article{azzi2019essence,
	title={On the essence and initiality of conflicts in {$\mathcal{M}$}-adhesive transformation systems},
	author={Azzi, G. G. and Corradini, A. and Ribeiro, L.},
	journal={Journal of Logical and Algebraic Methods in Programming},
	volume={109},
	pages={100482},
	year={2019},
	publisher={Elsevier}
}

@article{palacz2004algebraic,
	title={Algebraic hierarchical graph transformation},
	author={Palacz, W.},
	journal={Journal of Computer and System Sciences},
	volume={68},
	number={3},
	pages={497--520},
	year={2004},
	publisher={Elsevier}
}


@article{adamek2004abstract,
	title={Abstract and concrete categories: The joy of cats},
	author={Ad{\'a}mek, Ji{\v{r}}{\'\i} and Herrlich, Horst and Strecker, George E.},
	journal={Reprints in Theory and Applications of Categories},
	year={2006},
	volume={17},
	pages={1--507}
}


@book{jacobs1999categorical,
	title={Categorical logic and type theory},
	author={Jacobs, Bart},
	year={1999},
	publisher={Elsevier}
}




@incollection{corradini1997algebraic,
	title={Algebraic approaches to graph transformation--part i: Basic concepts and double pushout approach},
	author={Corradini, Andrea and Montanari, Ugo and Rossi, Francesca and Ehrig, Hartmut and Heckel, Reiko and L{\"o}we, Michael},
	booktitle={Handbook Of Graph Grammars And Computing By Graph Transformation: Volume 1: Foundations},
	pages={163--245},
	year={1997},
	publisher={World Scientific}
}




@article{carboni1995connected,
	title={Connected limits, familial representability and {A}rtin glueing},
	author={Carboni, A. and Johnstone, P. T. },
	journal={Mathematical Structures in Computer Science},
	volume={5},
	number={4},
	pages={441--459},
	year={1995},
	publisher={Cambridge University Press}
}

@inproceedings{corradini2005term,
	title={On term graphs as an adhesive category},
	booktitle = {Proceedings of the 2$^{nd}$ International Workshop on Term Graph Rewriting (TERMGRAPH 2004)},
	editor = {Fern\'andez, M.},
	author={Corradini, A. and Gadducci, F.},
	series={Electronic Notes in Theoretical Computer Science},
	volume={127(5)},
	pages={43--56},
	year={2005},
	publisher={Elsevier}
}

@article{bonchi2022string,
	title={String Diagram Rewrite Theory {I}: rewriting with {F}robenius structure},
	author={Bonchi, F. and Gadducci, F. and Kissinger, A. and Soboci{\'n}ski, P. and Zanasi, F.},
	journal={Journal of the Association for Computing Machinery},
	volume={69},
	number={2},
	pages={1--58},
	year={2022},
}

@article{lack2005adhesive,
	title={Adhesive and quasiadhesive categories},
	author={Lack, S. and Soboci{\'n}ski, P.},
	journal={RAIRO-Theoretical Informatics and Applications},
	volume={39},
	number={3},
	pages={511--545},
	year={2005},
	publisher={{\'E}dition Diffusion Presse Science}
}

@inproceedings{lack2006toposes,
	author    = {Lack, S. and Soboci{\'n}ski, P.},
	editor    = {Corradini, A. and Ehrig, H. and Montanari, U. and Ribeiro, L. and Rozenberg, G.},
	title     = {Toposes Are Adhesive},
	booktitle = {ICGT 2006},
	series    = {LNCS},
	volume    = {4178},
	pages     = {184--198},
	publisher = {Springer},
	year      = {2006}
}




@phdthesis{hales1962nonexistence,
	title={On the nonexistence of free complete Boolean algebras},
	author={Hales, A. W.},
	year={1962},
	school={California Institute of Technology}
}


@book{johnstone1982stone,
	title={Stone spaces},
	author={Johnstone, P. T.},
	volume=3,
	year=1982,
series={Cambridge Studies in Advanced Mathematics},
	publisher={Cambridge University Press}
}

@book{wyler1991lecture,
	title={Lecture notes on topoi and quasitopoi},
	author={Wyler, O.},
	year={1991},
	publisher={World Scientific}
}

@article{rosenfeld1971fuzzy,
	title={Fuzzy groups},
	author={Rosenfeld, A.},
	journal={Journal of Mathematical Analysis and Applications},
	volume={35},
	number=3,
	pages={512--517},
	year={1971},
	publisher={Academic Press}
}

@book{borceux1994handbook1,
	title={Handbook of Categorical Algebra 1. Basic Category Theory},
	author={Borceux, F.},
	volume={50},
	year={1994},
	publisher={Cambridge University Press},
	series={Encyclopedia of Mathematics and its Applications},
}

@book{borceux1994handbook2,
	title={Handbook of Categorical Algebra 2. Categories and Structures},
	author={Borceux, F.},
	volume={51},
	year={1994},
	publisher={Cambridge University Press},
	series={Encyclopedia of Mathematics and its Applications},
}

@book{bourbaki2006theorie,
	title={Theorie des Topos et Cohomologie Etale des Schemas. Seminaire de Geometrie Algebrique du Bois-Marie 1963-1964 (SGA 4).Tome 1},
	author={ Grothendieck, A. and Verdier,  J. L.},
	volume={269},
	series={Lecture Notes in Mathematics},
	year={2006},
	publisher={Springer}
}

@article{freyd1972aspects,
	title={Aspects of topoi},
	author={Freyd, P.},
	journal={Bulletin of the Australian Mathematical Society},
	volume={7},
	number={1},
	pages={1--76},
	year={1972},
	publisher={Cambridge University Press},
}


@book{borceux1994handbook3,
	title={Handbook of Categorical Algebra 3. Categories of Sheaves},
	author={Borceux, F.},
	volume={52},
	year={1994},
	publisher={Cambridge University Press},
	series={Encyclopedia of Mathematics and its Applications},
}

@article{VOEVODSKY20101384,
	title = {Homotopy theory of simplicial sheaves in completely decomposable topologies},
	journal = {Journal of Pure and Applied Algebra},
	volume = {214},
	number = {8},
	pages = {1384-1398},
	year = {2010},
	author = {Voevodsky, V.},
}

@article{anthony1979fuzzy,
	title={Fuzzy groups redefined},
	author={Anthony, J. M. and Sherwood, H.},
	journal={Journal of Mathematical Analysis and Applications},
	volume={69},
	number={1},
	pages={124--130},
	year={1979},
	publisher={Academic Press}
}

@article{mellies2017parametric,
	title={The parametric continuation monad},
	author={Melli{\`e}s, P.-A.},
	journal={Mathematical Structures in Computer Science},
	volume={27},
	number={5},
	pages={651--680},
	year={2017},
	publisher={Cambridge University Press}
}


@article{escardo2012peirce,
	title={The peirce translation},
	author={Escard{\'o}, M. and Oliva, P.},
	journal={Annals of Pure and Applied Logic},
	volume={163},
	number={6},
	pages={681--692},
	year={2012},
	publisher={Elsevier}
}

@article{goguen1967fuzzy,
	title={$L$-fuzzy sets},
	author={Goguen, J. A.},
	journal={Journal of Mathematical Analysis and Applications},
	volume={18},
	number={1},
	pages={145--174},
	year={1967},
	publisher={Academic Press}
}

@book{loregian2021co,
	title={(Co)end Calculus},
	author={Loregian, F.},
	volume={468},
	year={2021},
	publisher={Cambridge University Press},
		series = {London Mathematical Society Lecture Note},
}



@article{ajmal1994homomorphism,
	title={Homomorphism of fuzzy groups, correspondence theorem and fuzzy quotient groups},
	author={Ajmal, N.},
	journal={Fuzzy sets and systems},
	volume={61},
	number={3},
	pages={329--339},
	year={1994},
	publisher={Elsevier}
}

@article{barr1970coequalizers,
	title={Coequalizers and free triples},
	author={Barr, M.},
	journal={Mathematische Zeitschrift},
	volume={116},
	number={4},
	pages={307--322},
	year={1970},
	publisher={Springer Science \& Business Media}
}

@book{barr1971exact,
	title={Exact categories and categories of sheaves},
	author={ Barr, M. and Grillet, P. A. and Osdol, D. H. },
	series={ Lecture Notes in Mathematics},
volume={236},
year={1971},
publisher={Springer Science \& Business Media},
}


@article{mukherjee1987fuzzy,
	title={On fuzzy ideals of a ring I},
	author={Mukherjee, T. K. and Sen, M. K.},
	journal={Fuzzy sets and systems},
	volume={21},
	number={1},
	pages={99--104},
	year={1987},
	publisher={Elsevier}
}







@inproceedings{ciancia2016spatial,
	title={Spatial logic and spatial model checking for closure spaces},
	author={Ciancia, V. and Latella, D. and Loreti, M. and Massink, M.},
	booktitle={International School on Formal Methods for the Design of Computer, Communication and Software Systems},
	pages={156--201},
	year={2016},
	organization={Springer Science \& Business Media}
}




@article{johnstone1980open,
	title={Open maps of toposes},
	author={Johnstone, P. T.},
	journal={Manuscripta Mathematica},
	volume={31},
	number={1-3},
	pages={217--247},
	year={1980},
	publisher={Springer Science \& Business Media}
}

@book{jacobs1999categorical,
	title={Categorical logic and type theory},
	author={Jacobs, B.},
	volume={141},
	year={1999},
	publisher={Elsevier},
	volume={141},
	series={Studies in Logic and the Foundations of Mathematics},
}


@article{galton2003generalized,
	title={A generalized topological view of motion in discrete space},
	author={Galton, A.},
	journal={Theoretical Computer Science},
	volume={305},
	number={1-3},
	pages={111--134},
	year={2003},
	publisher={Elsevier}
}

@inproceedings{ciancia2014specifying,
	title={Specifying and verifying properties of space},
	author={Ciancia, Vincenzo and Latella, Diego and Loreti, Michele and Massink, Mieke},
	booktitle={IFIP International Conference on Theoretical Computer Science},
	pages={222--235},
	year={2014},
	organization={Springer Science \& Business Media}
}

@techreport{pitts1995categorical,
	title={Categorical logic},
	author={Pitts, Andrew M.},
	year={1995},
	institution={University of Cambridge, Computer Laboratory}
}

@article{makkai1993fibrational,
	title={The fibrational formulation of intuitionistic predicate logic $\rm {I}$: completeness according to {G\"odel, Kripke, and L\"a}uchli. {I}.},
	author={Makkai, Michael},
	journal={Notre Dame Journal of Formal Logic},
	volume={34},
	number={3},
	pages={334--377},
	year={1993},
	publisher={University of Notre Dame}
}

@inproceedings{bacci2020quantitative,
	title={Quantitative Equational Reasoning},
	author={Bacci, G. and Mardare, R. and Panangaden, P. and Plotkin, G. D.},
	booktitle={Foundations of Probabilistic Programming},
	pages={333--360},
	year={2020},
	publisher={Cambridge University Press},
	editor={Silva, A. and Katoen, J.-P. and Barthe G.},
}

@inproceedings{bacci2018algebraic,
	title={An algebraic theory of {M}arkov processes},
	author={Bacci, G. and Mardare, R. and Panangaden, P. and Plotkin, G. D.},
	booktitle={33$^{rd}$ Symposium on Logic in Computer Science (LICS)},
	pages={679--688},
	year={2018},
publisher = {Association for Computing Machinery},
}


@inproceedings{mardare2017axiomatizability,
	title={On the axiomatizability of quantitative algebras},
	author={Mardare, R. and Panangaden, P. and Plotkin, G. D.},
	booktitle={32$^{nd}$ Symposium on Logic in Computer Science (LICS)},
	pages={1--12},
	publisher = {Association for Computing Machinery},
	year={2017},
	organization={IEEE}
}


@inproceedings{milius2019equational,
	title={Equational axiomatization of algebras with structure},
	author={Milius, S. and Urbat, H.},
	booktitle={22$^{nd}$ International Conference on Foundations of Software Science and Computational Structures (FoSSaCS)},
	pages={400--417},
	year={2019},
	organization={Springer Science \& Business Media},
	series={Lecture Notes in Computer Science},
	volume={11425},
	editor={Bojańczyk, M. and Simpson A.},
}

@article{birkhoff1935structure,
	title={On the structure of abstract algebras},
	author={Birkhoff, G.},
	journal={Proceedings of the Cambridge Philosophical Society},
	volume={10},
	pages={433--454},  
	year={1935},
	publisher={Cambridge University Press}
}

@article{mashour1990normal,
	title={Normal fuzzy subgroups},
	author={Mashour, A. S. and Ghanim, M. H. and Sidky, F. I.},
	journal={Information Sciences},
	volume={20},
	pages={53--59},
	year={1990}
}

@article{ajmal1992fuzzy,
	title={Fuzzy cosets and fuzzy normal subgroups},
	author={Ajmal, N. and Prajapati, A. S.},
	journal={Information sciences},
	volume={64},
	number={1-2},
	pages={17--25},
	year={1992},
	publisher={Elsevier}
}

@inproceedings{mac1971categorical,
	title={Categorical algebra and set-theoretic foundations},
	author={MacLane, S.},
	booktitle={Axiomatic set theory},
	volume={13},
	pages={231--240},
	year={1971},
	organization={American Mathematical Society}
}



@book{mac2013categories,
	title={Categories for the working mathematician},
	author={MacLane, S.},
	year={2013},
	publisher={Springer}
}

@article{makkai1993fibrational2,
	title={The fibrational formulation of intuitionistic predicate logic $\rm {I}$: completeness according to {G\"odel, Kripke, and L\"a}uchli. {II}.},
	author={Makkai, M.},
	journal={Notre Dame journal of formal logic},
	volume={34},
	number={4},
	pages={471--498},
	year={1993},
	publisher={University of Notre Dame}
}

@article{lawvere1969adjointness,
	title={Adjointness in foundations},
	author={Lawvere, F. W.},
	journal={Dialectica},
	volume={23},
	number={3-4},
	pages={281--296},
	year={1969},
	publisher={Wiley Online Library}
}

@article{lawvere1970equality,
	title={Equality in hyperdoctrines and comprehension schema as an adjoint functor},
	author={Lawvere, F. W.},
	journal={Applications of Categorical Algebra},
	volume={17},
	pages={1--14},
	year={1970}
}

@book{makkai2006first,
	title={First order categorical logic: model-theoretical methods in the theory of topoi and related categories},
	author={Makkai, M. and Reyes, G. E.},
	volume={611},
	year={2006},
	publisher={Springer Science \& Business Media}
}

@inproceedings{CardelliG00,
	author    = {Cardelli, L. and Gordon, A. D.},
	title     = {Anytime, Anywhere: Modal Logics for Mobile Ambients},
	booktitle = {Proc.~{POPL}},
	pages     = {365--377},
	publisher = {{ACM}},
	year      = {2000}
}

@ibook{Aiello2007,
	editor    = {Aiello, M. and	Pratt{-}Hartmann, I. and van Benthem, J.},
	title     = {Handbook of Spatial Logics},
	publisher = {Springer Science \& Business Media},
	year      = {2007}
}

@inproceedings{MiculanB06,
	author    = {Miculan, M. and Bacci, G.},
	title     = {Modal Logics for Brane Calculus},
	booktitle = {Proc.~{CMSB}},
	series    = {Lecture Notes in Computer Science},
	volume    = {4210},
	pages     = {1--16},
	publisher = {Springer Science \& Business Media},
	year      = {2006}
}

@inproceedings{BelmonteCLM19,
	author    = {Belmonte, G. and Ciancia, V. and Latella, D. and Massink, M.},
	title     = {Innovating Medical Image Analysis via Spatial Logics},
	booktitle = {From Software Engineering to Formal Methods and Tools, and Back},
	series    = {Lecture Notes in Computer Science},
	volume    = {11865},
	pages     = {85--109},
	publisher = {Springer Science \& Business Media},
	year      = {2019}
}

@article{awodey2014topos,
	title={Topos semantics for higher-order modal logic},
	author={Awodey, S. and Kishida, K. and Kotzsch, H. C.},
	journal={arXiv preprint arXiv:1403.0020},
	year={2014}
}

@incollection{wyler1995fuzzy,
	title={Fuzzy logic and categories of fuzzy sets},
	author={Wyler, O.},
	booktitle={Non-Classical Logics and Their Applications to Fuzzy Subsets},
	pages={235--268},
	year={1995},
	publisher={Springer Science \& Business Media}
}

@article{brown1997van,
	title={Van {K}ampen theorems for categories of covering morphisms in lextensive categories},
	author={Brown, R. and Janelidze, G.},
	journal={Journal of Pure and Applied Algebra},
	volume={119},
	number={3},
	pages={255--263},
	year={1997},
	publisher={Elsevier}
}



@article{williams1969grothendieck,
	title={On {G}rothendieck universes},
	author={Williams, N. H.},
	journal={Compositio Mathematica},
	volume={21},
	number={1},
	pages={1--3},
	year={1969}
}

@incollection{fourman1979sheaves,
	title={Sheaves and logic},
	author={Fourman, M. P. and Scott, D. S.},
	booktitle={Applications of sheaves},
	editor={ Fourman, M. P. and Scott, D. S. and  Mulvey, C.},
	pages={302--401},
	year={1979},
	publisher={Springer Science \& Business Media}
}

@inproceedings{plotkinpower02,
	author    = {G. D. Plotkin and
	J. Power},
	title     = {Notions of Computation Determine Monads},
	booktitle = {5$^{th}$ International Conference on Foundations of Software Science and Computation Structures (FoSSaCS)},
	series    = {Lecture Notes in Computer Science},
	volume    = {2303},
	pages     = {342--356},
	publisher = {Springer Science \& Business Media},
	year     = {2002},
	editor={ Nielsen, M. and Engberg, U.},
}




@article{plotkinpower03,
	author    = {Plotkin, G. D.  and Power, J.},
	title     = {Algebraic Operations and Generic Effects},
	journal   = {Applied Categorical Structures},
	volume    = {11},
	number    = {1},
	pages     = {69--94},
	year      = {2003},
}

@article{nishizawa2009lawvere,
	title={Lawvere theories enriched over a general base},
	author={Nishizawa, K. and Power, J.},
	journal={Journal of Pure and Applied Algebra},
	volume={213},
	number={3},
	pages={377--386},
	year={2009},
	publisher={Elsevier}
}

@incollection{gran2021introduction,
	title={An introduction to regular categories},
	author={Gran, M.},
	booktitle={New Perspectives in Algebra, Topology and Categories},
	pages={113--145},
	year={2021},
	publisher={Springer Science \& Business Media},
volume={1},
series={Coimbra Mathematical Texts},
editor={Clementino, M. M. and Facchini, A. and Gran, M.},
}


@article{hylandpower07,
	author    = {Hyland, M. and	Power, J.},
	title     = {The Category Theoretic Understanding of Universal Algebra: {L}awvere
	Theories and Monads},
	journal   = {Electronic Notes in Theoretical Computer Science},
	volume    = {172},
	pages     = {437--458},
	year      = {2007},
}

@inproceedings{bkp:concur18,
	author    = {Bonchi, F. and K{\"{o}}nig, B. and Petrisan, D.},
	title     = {Up-To Techniques for Behavioural Metrics via Fibrations},
	booktitle = {29th International Conference on Concurrency Theory (CONCUR)},
	editor = {Schewe, S. and Zhang, L. },
	series    = {Leibniz International Proceedings in Informatics},
	volume    = {118},
	pages     = {17:1--17:17},
	publisher = {Schloss Dagstuhl - Leibniz-Zentrum f{\"{u}}r Informatik},
	year      = {2018}
}

@book{schultz2019temporal,
	title={Temporal Type Theory},
	author={Schultz, Patrick and Spivak, David I.},
	volume={29},
	year={2019},
	publisher={Springer Science \& Business Media}
}


@article{dikranjan1983closure,
	title={Closure operators induced by topological epireflections},
	author={Dikranjan, Dikran and Giuli, Eraldo},
	journal={Coll. Math. Soc. J. Bolyai},
	volume={41},
	pages={233--246},
	year={1983}
}

@inproceedings{dikranjan1989closure,
	title={Closure operators II},
	author={Dikranjan, Dikran and Giuli, Eraldo and Tholen, Walter},
	booktitle={Proceedings of the Conference in Categorical Topology},
	pages={297--335},
	year={1989},
	publisher={World Scientific},
}




@incollection{dikranjan2004classification,
	title={Classification of closure operators for categories of topological spaces},
	author={Dikranjan, D. and Tholen, W. and Watson, S.},
	booktitle={Categorical structures and their applications},
	pages={69--98},
	year={2004},
	editor={G\{\''a}hler, W.  and Preuss, G.},
	publisher={World Scientific},
}

@book{atiyah1969introduction,
	title={Introduction to commutative algebra},
	author={Atiyah, M. F. and Macdonald, I. G.},
	journal={Reading, MA},
	year={1969},
	publisher={Addison-Wesley}
}

@incollection{maclane1956homologie,
	title={Homologie des anneaux et des modules},
	booktitle={Colloque de topologie alg{\'e}brique},
	author={MacLane, S.},
	year={1956},
	publisher={Louvain},
	pages={55--80},
}

@article{kleisli1965every,
	title={Every standard construction is induced by a pair of adjoint functors},
	author={Kleisli, H.},
	journal={Proceedings of the American Mathematical Society},
	volume={16},
	number={3},
	pages={544--546},
	year={1965},
	publisher={American Mathematical Society},
}

@article{eilenberg1965adjoint,
	title={Adjoint functors and triples},
	author={Eilenberg, S. and Moore, J. C.},
	journal={Illinois Journal of Mathematics},
	volume={9},
	number={3},
	pages={381--398},
	year={1965},
	publisher={Duke University Press},
}

@article{lawvere1963functorial,
	title={Functorial semantics of algebraic theories},
	author={Lawvere, F. W.},
	journal={Proceedings of the National Academy of Sciences},
	volume={50},
	number={5},
	pages={869--872},
	year={1963},
	publisher={National Academy of Sciences}
}

@article{kock1970double,
	title={On double dualization monads},
	author={Kock, A.},
	journal={Mathematica Scandinavica},
	volume={27},
	number={2},
	pages={151--165},
	year={1970},
}


@inproceedings{linton1966some,
	title={Some aspects of equational categories},
	author={Linton, F. E. J.},
	booktitle={Proceedings of the Conference on Categorical Algebra},
	pages={84--94},
	year={1966},
	editor={Eilenberg, S. and Harrison, D. K. and  MacLane, S. and R\"{o}hrl, H.},
	organization={Springer Science \& Business Media}
}

@article{power1999enriched,
	title={Enriched {L}awvere theories},
	author={Power,  J.},
	journal={Theory and Applications of Categories},
	volume={6},
	number={7},
	pages={83--93},
	year={1999},
	publisher={Mount Allison University},
}

@book{adamek2010algebraic,
	title={Algebraic Theories},
	author={Ad{\'a}mek, J. and Rosick{\'y}, J. and Vitale, E. M.},
	volume={184},
	year={2010},
	publisher={Cambridge University Press},
	series={Cambridge Tracts in Mathematics},
}


@book{manes2012algebraic,
	title={Algebraic theories},
	author={Manes, E. G.},
	series={Graduate Texts in Mathematics},
	volume={26},
	year={2012},
	publisher={Springer Science \& Business Media},
}


@book{jacobs2017introduction,
	title={Introduction to Coalgebra},
	author={Jacobs, Bart},
	volume={59},
	year={2017},
	publisher={Cambridge University Press}
}


@article{rosicky2007factorization,
	title={Factorization, fibration and torsion},
	author={Rosick{\'y}, J. and Tholen, W.},
	journal={Journal of Homotopy and Related Structures},
	volume={2},
	number={2},
	pages={295--314},
	year={2007}
}

@article{bousfield1977constructions,
	title={Constructions of factorization systems in categories},
	author={Bousfield, A. K.},
	journal={Journal of Pure and Applied Algebra},
	volume={9},
	number={2-3},
	pages={207--220},
	year={1977},
	publisher={Elsevier}
}

@article{tholen1983factorizations,
	title={Factorizations, localizations, and the orthogonal subcategory problem},
	author={Tholen, W.},
	journal={Mathematische Nachrichten},
	volume={114},
	number={1},
	pages={63--85},
	year={1983},
	publisher={Wiley Online Library}
}



@article{kupke2011coalgebraic,
	title={Coalgebraic semantics of modal logics: an overview},
	author={Kupke, C. and Pattinson, D.},
	journal={Theoretical Computer Science},
	volume={412},
	number={38},
	pages={5070--5094},
	year={2011},
	publisher={Elsevier}
}

@article{lawvere1962category,
	title={The category of probabilistic mappings},
	author={Lawvere, F. W.},
	journal={preprint},
	year={1962}
}

@book{maclane2012sheaves,
	title={Sheaves in geometry and logic:},
	author={MacLane, S. and Moerdijk, I.},
	year={2012},
	publisher={Springer Science \& Business Media},
	series={Universitext},
}


@inproceedings{kelly1991note,
	title={A note on relations relative to a factorization system},
	author={Kelly, G. M.},
	booktitle={Category Theory},
	pages={249--261},
	year={1991},
	series={Lecture Notes in Mathematics},
	volume={1488}, 
	publisher={Springer Science \& Business Media},
	editor={ Carboni,  A. and Pedicchio, M. C. and Rosolini, G. },
}


@inproceedings{mardare2016quantitative,
	title={Quantitative algebraic reasoning},
	author={Mardare, R. and Panangaden, P. and Plotkin, G. D.},
	booktitle={31$^{st}$ Symposium on Logic in Computer Science (LICS)},
	pages={700--709},
	year={2016},
	publisher={Association for Computing Machinery}
}


@incollection{giry1982categorical,
	title={A categorical approach to probability theory},
	author={Giry, M.},
	booktitle={Categorical aspects of Topology and Analysis},
	pages={68--85},
	year={1982},
	publisher={Springer Science \& Business Media}
}

@article{avery2016codensity,
	title={Codensity and the Giry monad},
	author={Avery, T.},
	journal={Journal of Pure and Applied Algebra},
	volume={220},
	number={3},
	pages={1229--1251},
	year={2016},
	publisher={Elsevier}
}

@article{gumm2001products,
	title={Products of coalgebras},
	author={Gumm, H. P. and Schr{\"o}der, T.},
	journal={Algebra Universalis},
	volume={46},
	number={1-2},
	pages={163--185},
	year={2001},
	publisher={Springer Science \& Business Media}
}

@book{oswald1991lecture,
	title={Lecture notes on topoi and quasitopoi},
	author={Wyler, Oswald},
	year={1991},
	publisher={World Scientific}
}


@incollection{CMREHL:AAGT,
   author =    {Corradini, A. and Montanari, U. and Rossi, F. and Ehrig, H. and 
                Heckel, R. and L\"{o}we, M.},
   title =     {Algebraic Approaches to Graph Transformation {I}: Basic 
                Concepts and Double Pushout Approach},
   publisher = {World Scientific},
   booktitle = {Handbook of Graph Grammars and Computing by Graph Transformation. Volume 1: Foundations.},
   editor =    {Rozenberg, G.},
   year =      1997,
}

@article{NPW:PNES,
   author =  {Nielsen, M. and Plotkin, G. and Winskel, G.},
   title =   {Petri {N}ets, {E}vent {S}tructures and {D}omains, {P}art 1},
  journal   = {Theoretical Computer Science},
   volume =  13,
   pages =   {85--108},
   year =    1981,
}

@phdthesis{Bal:PhD,
  keywords=      {thesis},
  author = 	 {Baldan, P.},
  title = 	 {Modelling concurrent computations: from contextual {Petri} nets to graph grammars}, 
  school = 	 {University of Pisa},
  year = 	 2000,
}

@InCollection{Handbook,
  author = 	 {Baldan, P. and Corradini, A. and Ehrig, H. and L{\"o}we, M. and Montanari, U. and Rossi, F.},
  title = 	 {Concurrent Semantics of Algebraic Graph Transformation Systems},
  booktitle = 	 {Handbook of Graph Grammars and Computing by Graph Transformation.   Volume 3: Concurrency},
  pages = 	 {107--187},
  year = 	 1999,
  editor = 	 {Rozenberg, G.},
  publisher =    {World Scientific},
}

@inproceedings{Sch:RRSG,
   author =    {Schied, G.},
   title =     {On relating Rewriting Systems and Graph Grammars to
                Event Structures},
   pages =     {326--340},
   booktitle = {Dagstuhl Seminar 9301 on Graph Transformations
                in Computer Science},
   year =      1994,
   editor =    {Courcelle, B. and Ehrig, H. and Rozenberg, G. and Schneider, H. J. and },
   volume =    776,
   publisher = {Springer},
   series =    LNCS,
}


@inproceedings{CVY:ESSPE,
  author    = {Crafa, S. and
               Varacca, D. and
               Yoshida, N.},
  title     = {Event Structure Semantics of Parallel Extrusion in the $\pi$-Calculus},
  booktitle = {FOSSACS 2012},
  year      = {2012},
  pages     = {225--239},
  editor    = {Birkedal, L.},
  publisher = {Springer},
  series    = LNCS,
  volume    = {7213},
}

@article{Gad07,
 author    = {Gadducci, F.},
 title     = {Graph rewriting and the $\pi$-calculus},
 journal   = {Mathematical Structures in Computer Science},
 volume    = {17},
 number    = {3},
 pages     = {1--31},
 year      = {2007}
}

@inproceedings{PUY:MBPE,
  author    = {Phillips, I. and
               Ulidowski, I. and
               Yuen, S.},
  editor    = {Gerhard W. Dueck and
               D. Michael Miller},               
  title     = {Modelling of Bonding with Processes and Events},
  booktitle = {RC 2013},
  series    = LNCS,
  volume    = 7948,
  pages     = {141--154},
  publisher = {Springer},
  year      = 2013
}

@article{Mes92,
  author    = {J. Meseguer},
  title     = {Conditional Rewriting Logic as a Unified Model of Concurrency},
  journal   = {Theoretical Computer Science},
  volume    = {96},
  number    = {1},
  pages     = {73--155},
  year      = {1992}
}

@InCollection{JJL80,
  author = 	 {J.J. L\'evy},
  title = 	 {Optimal reductions in the lambda-calculus},
  booktitle = 	 {To H.B. Curry, Essays on Combinatory Logic, Lambda Calculus and Formalism},
  pages = 	 {159--191},
  year = 	 1980,
  editor = 	 {J.P. Seldin and J.R. Hindley},
  publisher =    {Academic Press},
}

@inproceedings{baldan2017domains,
  title={Domains and event structures for fusions},
  author={Baldan, Paolo and Corradini, Andrea and Gadducci, Fabio},
  booktitle={LICS 2017},
  pages={1--12},
  year={2017},
   publisher    = {{IEEE} Computer Society},
}

@article{WNW:egg,
  author       = {Willsey, Max and
                  Nandi, Chandrakana and
                  Wang, Yisu Remy and
                  Flatt, Oliver and
                  Tatlock, Zachary and
                  Panchekha, Pavel},
  title        = {egg: Fast and extensible equality saturation},
  journal      = {Proceedings of the ACM on Programming Languages},
  volume       = 5,
  number       = {POPL},
  pages        = {1--29},
  year         = 2021
}

@inproceedings{OE:TGTSW,
  author       = {Overbeek,Roy  and
                  Endrullis, J{\"{o}}rg},
  title        = {Termination of Graph Transformation Systems Using Weighted Subgraph
                  Counting},
  booktitle    = {{ICGT}},
  series       = LNCS,
  volume       = 13961,
  pages        = {81--101},
  publisher    = {Springer},
  year         = 2023
}


@inproceedings{BHK:CTNL,
  author       = {Behr, Nicolas and
                  Harmer, Russ and
                  Krivine, Jean},
  title        = {Concurrency Theorems for Non-linear Rewriting Theories},
  booktitle    = {{ICGT}},
  series       = LNCS,
  volume       = {12741},
  pages        = {3--21},
  publisher    = {Springer},
  year         = {2021}
}



@article{HMP:DPOR,
 author = {Habel, Annegret and M\"{u}ller, J\"{u}rgen and Plump, Detlef},
 title = {Double-pushout graph transformation revisited},
 journal = MSCS,
 volume = {11},
 number = {5},
 year = {2001},
 pages = {637--688},
 publisher = {Cambridge University Press}
 }

@inproceedings{Ehrig1976,
author       = {Hartmut Ehrig and
                  Hans{-}J{\"{o}}rg Kreowski},
  editor       = {Antoni W. Mazurkiewicz},
  title        = {Parallelism of Manipulations in Multidimensional Information Structures},
  booktitle    = {MFCS 1976},
  series       = {LNCS},
  volume       = {45},
  pages        = {284--293},
  publisher    = {Springer},
  year         = {1976}
}

@inproceedings{EHP:BRfTToHLRS,
  author       = {Hartmut Ehrig and
                  Annegret Habel and
                  Francesco Parisi{-}Presicce},
  editor       = {Michel Bauderon and
                  Andrea Corradini},
  title        = {Basic Results for Two Types of High-Level Replacement Systems},
  booktitle    = {GETGRATS Closing Workshop 2001},
  series       = {ENTCS},
  volume       = {51},
  pages        = {127--138},
  publisher    = {Elsevier},
  year         = {2001}
}

@article{CMR:GP,
   author =  {Corradini, A. and Montanari, U. and Rossi, F.},
   title =   {Graph Processes},
   journal = FI,
   year =    1996,
   volume =  26,
   pages =   {241--265},
}
